@Comment @preamble{ "\newcommand{\noopsort}[1]{} "
@Comment 	# "\newcommand{\printfirst}[2]{#1} "
@Comment 	# "\newcommand{\singleletter}[1]{#1} "
@Comment 	# "\newcommand{\switchargs}[2]{#2#1} " }


@inproceedings{provdb,
  author = {J. Cheney and L. Chiticariu and W. C. Tan.},
  title = {Provenance in databases: Why, how, and where},
  booktitle = {Foundations and Trends in Databases},
  year = {2009}
}

@misc{provsci,
    author = {Susan Davidson and Sarah Cohen-Boulakia and Anat Eyal and Bertram Ludäscher and Timothy McPhillips and Shawn Bowers and Manish Kumar Anand and Juliana Freire},
    title = {Provenance in scientific workflow systems},
    year = {}
}

@inproceedings{provsci2,
 author = {RAJENDRA BOSE AND JAMES FREW},
 title = {Lineage Retrieval for Scientific Data Processing: A Survey},
 booktitle = {ACM Computing Surveys},
 year = {2005}
}

@inproceedings{semirings,
 author = {Green, Todd J. and Karvounarakis, Grigoris and Tannen, Val},
 title = {Provenance semirings},
 booktitle = {PODS},
 year = {2007},
} 


@inproceedings{retro,
  author    = {Taesoo Kim and
               Xi Wang and
               Nickolai Zeldovich and
               M. Frans Kaashoek},
  title     = {Intrusion Recovery Using Selective Re-execution},
  booktitle = {OSDI},
  year      = {2010},
}

@inproceedings{pig,
 title = {Pig Latin: A Not-So-Foreign Language for Data Processing},
 author = {C. Olston and B. Reed and U. Srivastava and R. Kumar and A. Tomkins},
 booktitle = {SIGMOD},
 year = {2008}
}

@inproceedings{lipstick,
 title = {Putting Lipstick on Pig: Enabling Database-style Workflow Provenance},
 author = {Yael Amsterdamer and Susan Davidson and Daniel Deutch and Tova Milo and Julia Stoyanovich and Val Tannen},
 booktitle = {PVLDB},
 year = {2012}
}


@inproceedings{tracingcui,
 author = {Y. Cui and J. Widom and J. L. Viener},
 title = {Tracing the Lineage of View Data in a Warehousing Environment},
 booktitle = {ACM Transactions on Database Systems},
 year = {1997},
}


@inproceedings{weakinverse,
 author = {A. Woodruff and M. Stonebraker},
 title = {Supporting fine-grained data lineage in a database visualization environment},
 booktitle = {ICDE},
 year = {1997},
}


@article{bowers08,
 author = {Bowers, Shawn and McPhillips, Timothy M. and Lud\"{a}scher, Bertram},
 title = {Provenance in collection-oriented scientific workflows},
 booktitle = {Concurr. Comput. : Pract. Exper.},
 year = {2008},
} 

@inproceedings{ibis,
 title={Ibis: A Provenance Manager for Multi-Layer Systems},
 author = {Olston C. and Sarma, A.D},
 booktitle = {CIDR},
 year = {2011}
}

@inproceedings{chapman,
 title = {Efficient Provenance Storage},
 author = {Adriane P. Chapman and H.V. Jagadish and Prakash Ramanan},
 booktitle = {SIGMOD},
 year = {2008}
}

@inproceedings{gustavo,
 title = {Efficient Lineage Tracking For Scientific Workflows},
 author = {Thomas Heinis and Gustavo Alonso},
 booktitle = {SIGMOD},
 year = {2008}
}


@inproceedings{undoemail,
 author = {Brown, Aaron B. and Patterson, David A.},
 title = {Undo for operators: building an undoable e-mail store},
 booktitle = {USENIX},
 year = {2003}
}

@inproceedings{pass,
 author = {Kiran-Kumar Muniswamy-Reddy and David A. Holland and Uri Braun and Margo Seltzer},
 title = {Provenance-Aware Storage Systems},
 booktitle = { NetDB},
 year = {2005}
}

@TechReport{passv2,
author = {Kiran-Kumar Muniswamy-Reddy and Joseph Barillariy and Uri Braun and
David A. Holland and Diana Maclean and Margo Seltzer and Stephen D. Holland},
 title = {Layering in Provenance-Aware Storage Systems},
 year = {2008}
}

@article{dymatview,
 author = {Jingren Zhou and Per-Ake Larson and Jonathan Goldstein and Luping Ding},
 title = {Dynamic Materialized Views},
 booktitle = {ICDE},
 year = {2007}
}




% 
% SYSTEMS
%
%



@inproceedings{scidb,
  author    = {Michael Stonebraker and
               Jacek Becla and
               David J. DeWitt and
               Kian-Tat Lim and
               David Maier and
               Oliver Ratzesberger and
               Stanley B. Zdonik},
  title     = {Requirements for Science Data Bases and {SciDB}},
  booktitle = {CIDR},
  year      = {2009},
  @Comment ee        = {http://www-db.cs.wisc.edu/cidr/cidr2009/Paper_26.pdf},
  @Comment crossref  = {DBLP:conf/cidr/2009},
  @Comment bibsource = {DBLP, http://dblp.uni-trier.de}
}

@inproceedings{taverna,
 author = {T. Oinn and M. Greenwood and M. Addis and N. Alpdemir and J. Ferris and K. Glover and C. Goble and A. Goderis and D. Hull and D. Marvin and P. Li and P. Lord and M. Pocock and M. Senger and R. Stevens and A. Wipat and C. Wroe},
 title = {Taverna: lessons in creating a workflow environment for the life sciences},
 booktitle = {Concurrency and Computation: Practice and Experience},
 year = {2006},
% pages = {1067-1100}

}


@inproceedings{tavernafine,
 author = {P. Missier and N. Paton and K. Belhajjame}, 
 title = {Fine-grained and efficient lineage querying of collection-based workflow provenance},
 booktitle = {EDBT},
 year = {2010}
}

@article{genepattern,
 title = {Using GenePattern for gene expression analysis},
 author = {Heidi Kuehn and Arthur Liberzon and Michael Reich and Jill P. Mesirov},
 journal = {Curr. Protoc. Bioinform.},
  booktitle = {Curr. Protoc. Bioinform.},
year={2008},
month={Jun}
% pages = {22:7.12.1 - 7.12.39}
}

@inproceedings{galaxy,
 author = {Goecks, J and Nekrutenko, A and Taylor, J and The Galaxy Team},
 title = {Galaxy: a comprehensive approach for supporting accessible, reproducible, and transparent computational research in the life sciences.}, 
 booktitle = {Genome Biology},
 year = { 2010}
}

@inproceedings{kepler,
 title = {Kepler: an extensible system for design and execution of scientific workflows},
 author = {Altintas, I. and Berkley, C. and Jaeger, E. and Jones, M. and Ludascher, B. and Mock, S.},
 year = {2004},
 booktitle = {SSDM} 
 pages ={423--424}
}

@inproceedings{keplerfine,
 title = {Efficient Provenance Storage over Nested Data Collections},
 author = {Manish Kumar Anand and Shawn Bowers and Timothy McPhillips and Bertram Ludäscher},
 year = {2009},
 booktitle = {EDBT}
}




@techreport{trio,
          author = {Jennifer Widom},
           title = {Trio: A System for Integrated Management of Data, Accuracy, and Lineage},
            year = {2004},
}


@inproceedings{ramp,
       booktitle = {CIDR},
           title = {Provenance for Generalized Map and Reduce Workflows},
          author = {Robert Ikeda and Hyunjung Park and Jennifer Widom},
             url = {http://ilpubs.stanford.edu:8090/985/},
year = {2011}

}

@inproceedings{panda,
           title = {Panda: A System for Provenance and Data},
          author = {Robert Ikeda and Jennifer Widom},
            year = {2010},
       booktitle = {IEEE Data Engineering Bulletin},
             url = {http://ilpubs.stanford.edu:8090/972/}
}




%%%%%%%%%%
%
%  Misc stuff
%
%%%%%%%%%%%%%
@MISC{nomogram,

    author = {Mozina M and Demsar J and Kattan M and Zupan B.},
    year = {2004},
    title = {Nomograms for Visualization of Naive Bayesian Classifier},
    booktitle = {PKDD}
}

@Comment     author = {Michael Kattan},
@Comment     title = {Nomograms for Visualization of Naive Bayesian Classifier},
@Comment     year = {}
@Comment }

@article{pablo,
    author = {Pablo Tamayo and Yoon-Jae Cho and Aviad Tsherniak and Heidi Greulich  and others},
    title = {Predicting relapse in patients with medulloblastoma by integrating evidence from clinical and genomic features.},
    journal = {Journal of Clinical Oncology},
    year = {2011},
    pages = {29:1415–1423}
}


@article{lacosmic,
author = {Pieter G. van Dokkum},
title = {Cosmic-Ray Rejection by Laplacian Edge Detection},
year = {2001},
journal = {PASP}
}


@misc{lsst,
 author = {Z. Ivezi and  J.A. Tyson and  E. Acosta and  R. Allsman and  S.F. Anderson and others},
 title = {{LSST}: From science drivers to reference design and anticipated data products},
 url = {http://lsst.org/files/docs/overviewV2.0.pdf}
}

@inproceedings{selinger,
  author    = {Patricia G. Selinger and
               Michel E. Adiba},
  title     = {Access Path Selection in Distributed Database Management
               Systems},
  booktitle = {ICOD},
  year      = {1980}
}
